<collection xmlns="http://www.loc.gov/MARC21/slim">
<record>
  <leader>01443nam0a22002651i 450 </leader>
  <controlfield tag="001">IT\ICCU\CNCE\039756</controlfield>
  <controlfield tag="005">20130521000000.0</controlfield>
  <datafield tag="012" ind1=" " ind2=" ">
    <subfield code="a">meo. l.l. a.O. n.mo (C) 1597 (R)</subfield>
    <subfield code="2">fei</subfield>
  </datafield>
  <datafield tag="100" ind1=" " ind2=" ">
    <subfield code="a">19981111d1597        0itac0103    ba</subfield>
  </datafield>
  <datafield tag="101" ind1=" " ind2=" ">
    <subfield code="a">ITA</subfield>
  </datafield>
  <datafield tag="102" ind1=" " ind2=" ">
    <subfield code="a">IT</subfield>
  </datafield>
  <datafield tag="200" ind1="1" ind2=" ">
    <subfield code="a">Sommario delle constitutioni et ordini quali osseruar si debbono nella religione de gl&apos;Eremiti di san Girolamo, congregatione del beato Pietro da Pisa. Fatto nel monasterio di Sant&apos;Honofrio di Roma dal padre f. Antonio Venerucci dall&apos;isola d&apos;Vrbino, generale del detto ordine l&apos;anno MDXCVI</subfield>
  </datafield>
  <datafield tag="210" ind1=" " ind2=" ">
    <subfield code="a">In Roma</subfield>
    <subfield code="c">appresso Bernardo Basa</subfield>
    <subfield code="d">1597</subfield>
    <subfield code="e">In Roma</subfield>
    <subfield code="g">appresso Bernardo Basa</subfield>
    <subfield code="h">1597</subfield>
  </datafield>
  <datafield tag="215" ind1=" " ind2=" ">
    <subfield code="a">\6! c.</subfield>
    <subfield code="d">4ʻ</subfield>
  </datafield>
  <datafield tag="620" ind1=" " ind2=" ">
    <subfield code="a">IT</subfield>
    <subfield code="d">Roma</subfield>
  </datafield>
  <datafield tag="700" ind1=" " ind2="1">
    <subfield code="a">Venerucci,</subfield>
    <subfield code="b">Antonio</subfield>
    <subfield code="3">IT\ICCU\CNCA\011005</subfield>
  </datafield>
  <datafield tag="712" ind1="0" ind2="2">
    <subfield code="a">Eremiti di Fra Pietro da Pisa</subfield>
    <subfield code="3">11085</subfield>
  </datafield>
  <datafield tag="712" ind1="0" ind2="0">
    <subfield code="a">Basa, Bernardo</subfield>
    <subfield code="3">IT\ICCU\CNCT\000139</subfield>
    <subfield code="4">650</subfield>
  </datafield>
  <datafield tag="790" ind1=" " ind2="1">
    <subfield code="a">Veneruccio,</subfield>
    <subfield code="b">Antonio</subfield>
    <subfield code="3">IT\ICCU\CNCA\025440</subfield>
    <subfield code="z">Venerucci, Antonio</subfield>
  </datafield>
  <datafield tag="790" ind1=" " ind2="1">
    <subfield code="a">Veneruccius,</subfield>
    <subfield code="b">Antonius</subfield>
    <subfield code="3">IT\ICCU\CNCA\025441</subfield>
    <subfield code="z">Venerucci, Antonio</subfield>
  </datafield>
  <datafield tag="791" ind1="0" ind2="2">
    <subfield code="a">Fratres eremitae sacri Hieronymi Congregationis b. Petri de Pisis</subfield>
    <subfield code="3">15511</subfield>
    <subfield code="z">Eremiti di Fra Pietro da Pisa</subfield>
  </datafield>
  <datafield tag="791" ind1="0" ind2="2">
    <subfield code="a">Ordo heremitarum sancti Hieronymi Congregationis beati Petri de Pisis</subfield>
    <subfield code="3">15512</subfield>
    <subfield code="z">Eremiti di Fra Pietro da Pisa</subfield>
  </datafield>
  <datafield tag="791" ind1="0" ind2="2">
    <subfield code="a">Poveri eremiti di s. Girolamo</subfield>
    <subfield code="3">15513</subfield>
    <subfield code="z">Eremiti di Fra Pietro da Pisa</subfield>
  </datafield>
  <datafield tag="801" ind1=" " ind2="3">
    <subfield code="a">IT</subfield>
    <subfield code="b">ICCU</subfield>
    <subfield code="c">20201114</subfield>
  </datafield>
  <datafield tag="899" ind1=" " ind2=" ">
    <subfield code="a">Biblioteca nazionale centrale. Firenze</subfield>
    <subfield code="1">FI0098</subfield>
    <subfield code="2">CFI CF</subfield>
  </datafield>
</record>
</collection>
